
@ARTICLE{Schmittfull2015,
   author = {{Schmittfull}, M. and {Feng}, Y. and {Beutler}, F. and {Sherwin}, B. and 
	{Chu}, M.~Y.},
    title = "{Eulerian BAO reconstructions and N -point statistics}",
  journal = {\prd},
archivePrefix = "arXiv",
   eprint = {1508.06972},
 keywords = {Cosmology, Dark energy, Observational cosmology, Superclusters, large-scale structure of the Universe},
     year = 2015,
    month = dec,
   volume = 92,
   number = 12,
      eid = {123522},
    pages = {123522},
      doi = {10.1103/PhysRevD.92.123522},
   adsurl = {http://adsabs.harvard.edu/abs/2015PhRvD..92l3522S},
  adsnote = {Provided by the SAO/NASA Astrophysics Data System}
}


@ARTICLE{PradaEtAl2016,
   author = {{Prada}, F. and {Sc{\'o}ccola}, C.~G. and {Chuang}, C.-H. and 
	{Yepes}, G. and {Klypin}, A.~A. and {Kitaura}, F.-S. and {Gottl{\"o}ber}, S. and 
	{Zhao}, C.},
    title = "{Hunting down systematics in baryon acoustic oscillations after cosmic high noon}",
  journal = {\mnras},
archivePrefix = "arXiv",
   eprint = {1410.4684},
 keywords = {galaxies: haloes, galaxies: statistics, dark matter, large-scale structure of Universe},
     year = 2016,
    month = may,
   volume = 458,
    pages = {613-623},
      doi = {10.1093/mnras/stw312},
   adsurl = {http://adsabs.harvard.edu/abs/2016MNRAS.458..613P},
  adsnote = {Provided by the SAO/NASA Astrophysics Data System}
}


@ARTICLE{DingEtAl2017,
   author = {{Ding}, Z. and {Seo}, H.-J. and {Vlah}, Z. and {Feng}, Y. and 
	{Schmittfull}, M. and {Beutler}, F.},
    title = "{Theoretical Systematics of Future Baryon Acoustic Oscillation Surveys}",
  journal = {ArXiv e-prints},
archivePrefix = "arXiv",
   eprint = {1708.01297},
 keywords = {Astrophysics - Cosmology and Nongalactic Astrophysics},
     year = 2017,
    month = aug,
   adsurl = {http://adsabs.harvard.edu/abs/2017arXiv170801297D},
  adsnote = {Provided by the SAO/NASA Astrophysics Data System}
}


@ARTICLE{PontzenEtAl2016,
   author = {{Pontzen}, A. and {Slosar}, A. and {Roth}, N. and {Peiris}, H.~V.
	},
    title = "{Inverted initial conditions: Exploring the growth of cosmic structure and voids}",
  journal = {\prd},
archivePrefix = "arXiv",
   eprint = {1511.04090},
     year = 2016,
    month = may,
   volume = 93,
   number = 10,
      eid = {103519},
    pages = {103519},
      doi = {10.1103/PhysRevD.93.103519},
   adsurl = {http://adsabs.harvard.edu/abs/2016PhRvD..93j3519P},
  adsnote = {Provided by the SAO/NASA Astrophysics Data System}
}

@ARTICLE{FriedrichEifler2017,
   author = {{Friedrich}, O. and {Eifler}, T.},
    title = "{Precision matrix expansion - efficient use of numerical simulations in estimating errors on cosmological parameters}",
  journal = {ArXiv e-prints},
archivePrefix = "arXiv",
   eprint = {1703.07786},
 primaryClass = "astro-ph.IM",
 keywords = {Astrophysics - Instrumentation and Methods for Astrophysics},
     year = 2017,
    month = mar,
   adsurl = {http://adsabs.harvard.edu/abs/2017arXiv170307786F},
  adsnote = {Provided by the SAO/NASA Astrophysics Data System}
}


@ARTICLE{Heavensetal2017,
   author = {{Heavens}, A. and {Sellentin}, E. and {de Mijolla}, D. and {Vianello}, A.
	},
    title = "{Massive data compression for parameter-dependent covariance matrices}",
  journal = {ArXiv e-prints},
archivePrefix = "arXiv",
   eprint = {1707.06529},
 keywords = {Astrophysics - Cosmology and Nongalactic Astrophysics, Astrophysics - Instrumentation and Methods for Astrophysics, Statistics - Methodology},
     year = 2017,
    month = jul,
   adsurl = {http://adsabs.harvard.edu/abs/2017arXiv170706529H},
  adsnote = {Provided by the SAO/NASA Astrophysics Data System}
}



@ARTICLE{SellentinHeavens2015,
   author = {{Sellentin}, E. and {Heavens}, A.~F.},
    title = "{Parameter inference with estimated covariance matrices}",
  journal = {\mnras},
archivePrefix = "arXiv",
   eprint = {1511.05969},
 keywords = {methods: data analysis, methods: statistical, cosmology: observations},
     year = 2016,
    month = feb,
   volume = 456,
    pages = {L132-L136},
      doi = {10.1093/mnrasl/slv190},
   adsurl = {http://adsabs.harvard.edu/abs/2016MNRAS.456L.132S},
  adsnote = {Provided by the SAO/NASA Astrophysics Data System}
}


@ARTICLE{AnguloPontzen2016,
   author = {{Angulo}, R.~E. and {Pontzen}, A.},
    title = "{Cosmological N-body simulations with suppressed variance}",
  journal = {\mnras},
archivePrefix = "arXiv",
   eprint = {1603.05253},
 keywords = {methods: numerical, cosmology: theory, large-scale structure of Universe},
     year = 2016,
    month = oct,
   volume = 462,
    pages = {L1-L5},
      doi = {10.1093/mnrasl/slw098},
   adsurl = {http://adsabs.harvard.edu/abs/2016MNRAS.462L...1A},
  adsnote = {Provided by the SAO/NASA Astrophysics Data System}
}
